<record><leader>00000cas a22000007a 4500</leader><controlfield tag="001">18092047</controlfield><controlfield tag="008">880615d19691971txudr ne      0    0eng d</controlfield><datafield ind1=" " ind2=" " tag="010"><subfield code="a">sn 88083746 </subfield></datafield><datafield ind1=" " ind2=" " tag="040"><subfield code="a">PPM</subfield><subfield code="b">eng</subfield><subfield code="c">PPM</subfield><subfield code="d">OCLCQ</subfield></datafield><datafield ind1=" " ind2=" " tag="042"><subfield code="a">msc</subfield></datafield><datafield ind1="0" ind2=" " tag="130"><subfield code="a">Daily eagle (Bryan, Tex.)</subfield></datafield><datafield ind1="1" ind2="4" tag="245"><subfield code="a">The daily eagle.</subfield></datafield><datafield ind1=" " ind2=" " tag="260"><subfield code="a">Bryan, Tex. :</subfield><subfield code="b">[s.n.],</subfield><subfield code="c">1969-1971.</subfield></datafield><datafield ind1=" " ind2=" " tag="310"><subfield code="a">Daily</subfield></datafield><datafield ind1="0" ind2=" " tag="362"><subfield code="a">Vol. 94, no. 561 (Sept. 7, 1969)-v. 95, no. 460 (Dec. 31, 1971).</subfield></datafield><datafield ind1=" " ind2=" " tag="752"><subfield code="a">United States</subfield><subfield code="b">Texas</subfield><subfield code="c">Brazos</subfield><subfield code="d">Bryan.</subfield></datafield><datafield ind1="0" ind2="0" tag="780"><subfield code="t">Bryan daily eagle (Bryan, Tex. : 1918)</subfield><subfield code="w">(DLC)sn 86088792</subfield></datafield><datafield ind1="0" ind2="0" tag="785"><subfield code="t">Eagle (Bryan, Tex.)</subfield><subfield code="w">(DLC)sn 86088517</subfield></datafield></record>